@book{gitmagic,
	author = "Lynn, Ben",
	title = "Git Magic"
	}
@mvbook{nefedov9,
	author = "Нефедов, А. В.",
	title = {Интегральные микросхемы и их зарубежные аналоги: Справочник},
	year = 2001,
	publisher = {ИП "РадиоСофт"},
	address = {Москва},
	pages = {512},
	volume = 9,
	language = {Russian},
	note = {З ілюстраціями}
}
@manual{circ,
	title={ РОЗРАХУНОК БЛОКУ ПАМ'ЯТІ:},
	note={Методичні вказівки до графічно-розрахункової роботи з дисципліни ``Архітектура комп’ютерів'' для студентів базового напрямку 6.08.04 ``Комп’ютерні науки''
	},
	author={Панчак, Р. Т. and Процько, І. О. and Теслюк, В. М.},
	publisher={НУ ``Львівська Політехніка''},
	year=2015
}
